@article{andersson2019casadi,
  title={CasADi: a software framework for nonlinear optimization and optimal control},
  author={Andersson, Joel AE and Gillis, Joris and Horn, Greg and Rawlings, James B and Diehl, Moritz},
  journal={Mathematical Programming Computation},
  volume={11},
  number={1},
  pages={1--36},
  year={2019},
  publisher={Springer}
} % Test article don't upvote.

@inproceedings{breivik2017mpc,
  title={MPC-based mid-level collision avoidance for ASVs using nonlinear programming},
  author={Eriksen, H. Bj{\o}rn-Olav and Breivik, Morten},
  booktitle={2017 IEEE Conference on Control Technology and Applications (CCTA)},
  pages={766--772},
  year={2017},
  organization={IEEE},
  venue={Mauna Lani Bay Hotel},
  address={Hawaii, USA}
} % MPC for aircraft control.

@misc{cockcroft2012manoeuvres,
  title={Maneuvers to avoid collision A Guide to the Collision Avoidance Rules (pp. 170-172)},
  author={Cockcroft, AN and Lameijer, JNF},
  year={2012},
  publisher={Oxford: Butterworth-Heinemann. Cockcroft, AN and Lameijer, JNF}
} % NEED TO CITE CASADI!

@article{corfield2006unmanned,
  title={Unmanned surface vehicles-game changing technology for naval operations},
  author={Corfield, SJ and Young, JM},
  journal={IEE Control Engineering Series},
  volume={69},
  pages={311},
  year={2006},
  publisher={PETER PEREGRINUS LTD}
}% The big one

@book{fossen2011handbook,
  title={Handbook of marine craft hydrodynamics and motion control},
  author={Fossen, Thor I},
  year={2011},
  publisher={John Wiley \& Sons}
} AIS assisted prediction of TS

@article{huang2020ship,
  title={Ship collision avoidance methods: State-of-the-art},
  author={Huang, Yamin and Chen, Linying and Chen, Pengfei and Negenborn, Rudy R and Van Gelder, PHAJM},
  journal={Safety science},
  volume={121},
  pages={451--473},
  year={2020},
  publisher={Elsevier}
} % COLREGs situasjons identfikasjon

@article{kamyar2014aircraft,
  title={Aircraft optimal terrain/threat-based trajectory planning and control},
  author={Kamyar, Reza and Taheri, Ehsan},
  journal={Journal of Guidance, Control, and Dynamics},
  volume={37},
  number={2},
  pages={466--483},
  year={2014},
  publisher={American Institute of Aeronautics and Astronautics}
}

@InProceedings{Kufoalor2018,
  author    = {Kufoalor, D. K.M. and Brekke, E. F. and Johansen, T. A.},
  booktitle = {2018 IEEE/RSJ International Conference on Intelligent Robots and Systems (IROS)},
  title     = {Proactive Collision Avoidance for ASVs using A Dynamic Reciprocal Velocity Obstacles Method},
  doi       = {10.1109/IROS.2018.8594382},
  pages     = {2402-2409},
  year      = {2018},
}

@article{loe2007collision,
  title={Collision avoidance concepts for marine surface craft},
  author={Loe, {\O}ivind},
  journal={Specialization project report. Norwegian University of Science and Technology (NTNU), Trondheim, Norway},
  year={2007},
  address={Trondheim, Norway}
}

@inproceedings{scholler2021trajectory,
  title={Trajectory prediction for marine vessels using historical AIS heatmaps and long short-term memory networks},
  author={Sch{\"o}ller, Frederik ET and Enevoldsen, Thomas T and Becktor, Jonathan B and Hansen, Peter N},
  organization    = {IFAC},
  booksubtitle    = {Proceedings of 13th
IFAC Conference on Control Applications in Marine Systems, Robotics, and Vehicles Elsevier},
  volume={54},
  number={16},
  pages={83--89},
  year={2021},
  publisher={Elsevier},
  address         = {Oldenburg, Germany}
}

@article{tam2010collision,
  title={Collision risk assessment for ships},
  author={Tam, CheeKuang and Bucknall, Richard},
  journal={Journal of Marine Science and Technology},
  volume={15},
  number={3},
  pages={257--270},
  year={2010},
  publisher={Springer}
}%

@article{vagale2021path,
  title={Path planning and collision avoidance for autonomous surface vehicles I: A review},
  author={Vagale, Anete and Oucheikh, Rachid and Bye, Robin T and Osen, Ottar L and Fossen, Thor I},
  journal={Journal of Marine Science and Technology},
  pages={1292--1306},
  volume          = {26},
  year={2021},
  publisher={Springer}
}%

@phdthesis{woerner2016multi,
  title={Multi-contact protocol-constrained collision avoidance for autonomous marine vehicles},
  author={Woerner, Kyle},
  year={2016},
  school={Massachusetts Institute of Technology, USA}
}%

}